<record><leader>00000cas a2200000 a 4500</leader><controlfield tag="001">13547607</controlfield><controlfield tag="008">860508d18301850pauwr ne      0    0eng c</controlfield><datafield ind1=" " ind2=" " tag="010"><subfield code="a">sn 86081382 </subfield></datafield><datafield ind1=" " ind2=" " tag="040"><subfield code="a">NPH</subfield><subfield code="b">eng</subfield><subfield code="c">NPH</subfield><subfield code="d">DLC</subfield><subfield code="d">NPH</subfield><subfield code="d">CNK</subfield><subfield code="d">NVF</subfield><subfield code="d">OCLCQ</subfield><subfield code="d">OCLCF</subfield><subfield code="d">OCLCO</subfield></datafield><datafield ind1="1" ind2=" " tag="029"><subfield code="a">AU@</subfield><subfield code="b">000024903476</subfield></datafield><datafield ind1=" " ind2=" " tag="042"><subfield code="a">pcc</subfield></datafield><datafield ind1=" " ind2=" " tag="043"><subfield code="a">n-us-pa</subfield></datafield><datafield ind1="0" ind2="0" tag="050"><subfield code="a">Newspaper 9375-X</subfield></datafield><datafield ind1="0" ind2="0" tag="245"><subfield code="a">Mercer luminary.</subfield></datafield><datafield ind1="1" ind2="3" tag="246"><subfield code="a">Luminary</subfield></datafield><datafield ind1="1" ind2="3" tag="246"><subfield code="a">Mercer County luminary</subfield></datafield><datafield ind1=" " ind2=" " tag="260"><subfield code="a">Mercer, Pa. :</subfield><subfield code="b">W. &amp; J.W. Moorehead</subfield></datafield><datafield ind1=" " ind2=" " tag="300"><subfield code="a">v.</subfield></datafield><datafield ind1=" " ind2=" " tag="310"><subfield code="a">Weekly</subfield></datafield><datafield ind1="1" ind2=" " tag="362"><subfield code="a">Began Aug. 2, 1830; ceased July 3, 1850.</subfield></datafield><datafield ind1=" " ind2=" " tag="500"><subfield code="a">Publisher: Wm. F. Clark, &lt;1847&gt;.</subfield></datafield><datafield ind1=" " ind2=" " tag="588"><subfield code="a">Description based on: Vol. 1, no. 3 (Aug. 16, 1830).</subfield></datafield><datafield ind1=" " ind2="0" tag="651"><subfield code="a">Mercer (Pa.)</subfield><subfield code="v">Newspapers.</subfield></datafield><datafield ind1=" " ind2="7" tag="655"><subfield code="a">Newspapers.</subfield><subfield code="2">fast</subfield><subfield code="0">(OCoLC)fst01423814</subfield></datafield><datafield ind1=" " ind2="7" tag="651"><subfield code="a">Pennsylvania</subfield><subfield code="z">Mercer.</subfield><subfield code="2">fast</subfield><subfield code="0">(OCoLC)fst01226941</subfield></datafield><datafield ind1=" " ind2=" " tag="752"><subfield code="a">United States</subfield><subfield code="b">Pennsylvania</subfield><subfield code="c">Mercer</subfield><subfield code="d">Mercer.</subfield></datafield></record>